<record><leader>00000cas a22000007a 4500</leader><controlfield tag="001">19106802</controlfield><controlfield tag="008">890206d190119uulauwr ne      0    0eng d</controlfield><datafield ind1=" " ind2=" " tag="010"><subfield code="a">sn 89059009 </subfield></datafield><datafield ind1=" " ind2=" " tag="040"><subfield code="a">LNP</subfield><subfield code="b">eng</subfield><subfield code="c">LNP</subfield><subfield code="d">OCLCQ</subfield></datafield><datafield ind1=" " ind2=" " tag="042"><subfield code="a">msc</subfield></datafield><datafield ind1="0" ind2=" " tag="130"><subfield code="a">Minden Democrat (Minden, La. : 1901)</subfield></datafield><datafield ind1="1" ind2="4" tag="245"><subfield code="a">The Minden Democrat.</subfield></datafield><datafield ind1=" " ind2=" " tag="260"><subfield code="a">Minden, Webster Parish, La. :</subfield><subfield code="b">S.A. Beaird</subfield></datafield><datafield ind1=" " ind2=" " tag="300"><subfield code="a">v.</subfield></datafield><datafield ind1=" " ind2=" " tag="310"><subfield code="a">Weekly</subfield></datafield><datafield ind1="1" ind2=" " tag="362"><subfield code="a">Began in 1901?</subfield></datafield><datafield ind1=" " ind2=" " tag="588"><subfield code="a">Description based on: Vol. 6, no. 41 (Oct. 4, 1901).</subfield></datafield><datafield ind1=" " ind2=" " tag="752"><subfield code="a">United States</subfield><subfield code="b">Louisiana</subfield><subfield code="c">Webster</subfield><subfield code="d">Minden.</subfield></datafield><datafield ind1="0" ind2="0" tag="780"><subfield code="t">Banner of liberty</subfield></datafield><datafield ind1="0" ind2="7" tag="785"><subfield code="t">Webster signal (Minden, La. : 1890)</subfield><subfield code="w">(DLC)sn 89059027</subfield></datafield><datafield ind1="0" ind2="7" tag="785"><subfield code="t">Signal-Democrat</subfield><subfield code="w">(DLC)sn 89059015</subfield></datafield></record>